@online{web:framework,
	title   = {Come scegliere il framework giusto per sviluppare le applicazioni web e mobile},
	author  = {Alessandro Prunesti},	
	year    =	{2014},
	url     = {http://iquii.com/2014/03/07/come-scegliere-il-framework-giusto-per-sviluppare-le-applicazioni-web-e-mobile/},
	sortkey = {iquii},
	label   = {\IQUII},
}
@misc{web:vision_mobile,
	title   = "Cross Platform Develope Tools",
	author  = "Vision Mobile",	
	year    = "2012",
	url     = "http://www.crossplatformtools.com",
	note	= "Bridging the worlds of mobile apps and the web",
}
@misc{stats:audiweb,
   author = "Audiweb",
   title = "Audiweb pubblica i dati della mobile e total digital audience del mese di luglio 2014",
   year = "2014",
   url = "http://www.audiweb.it/news/comunicato-stampa-pc-smartphone-e-tablet-audiweb-misura-la-total-digital-audience-3-2-2-3/",
   note = "[Online; da data 10-ottobre-2014]"
}
@misc{web:todd_rest,
	title  =  {REST API Tutorial},
	author =  {Todd Fredrich},
	note   =  {Rest tutorial},
	howpublished = {http://www.restapitutorial.com/}
}
@mastersthesis{thesis:rest,
    author    = "Fielding, Roy Thomas",
    title     = "Architectural Styles and the Design of Network-based Software Architectures",
    school    = "University of California, Irvine",
    type      = "Doctoral Dissertation",
    year      = "2000",
}
@misc{web:restapi,
	title	 = "REST APIs must be hypertext-driven",
	author 	 = "Fielding, Roy Thomas",
	year     = "2008",
	url      = "http://roy.gbiv.com/untangled/2008/rest-apis-must-be-hypertext-driven",
}
@misc{web:hateoas,
	title = {Transizioni di stato, hypermedia e il principio HATEOAS | RESTful Web Services - La Guida |Programmazione HTML.it},
	author = {Chiarelli, Andrea},
	howpublished = {http://www.html.it/pag/19606/transizioni-di-stato-hypermedia-e-il-principio-hateoas/}
}
@misc{web:cors,
	title = {enable cross-origin resource sharing},
	author = {Hossain, Monsur},
	howpublished = {http://enable-cors.org/}
}
@misc{angularjs:reference,
	title = {AngularJS: Developer Guide},
	month = {nov},
	year = {2015},
	note = {Conceptual Overview},
	howpublished = {https://docs.angularjs.org/guide}
}
@misc{angularjs:directives,
	title = {AngularJS: Developer Guide: Directives},
	note = {AngularJS Directives},
	howpublished = {https://docs.angularjs.org/guide/directive}
}
@book{book:mvvm,
   author = "Addy Osmani",
   title = "Learning JavaScript Design Patterns",
   year = "2014",
   publisher = "O'Reilly Media",
   volume = "1.6.1"
}
@book{book:laplante2007every,
  title={What Every Engineer Should Know about Software Engineering},
  author={Laplante, P.A.},
  isbn={9781420006742},
  series={What Every Engineer Should Know},
  url={http://books.google.be/books?id=pFHYk0KWAEgC},
  year={2007},
  publisher={CRC Press}
}
@book{book:mitchell1990managing,
  title={Managing Complexity in Software Engineering},
  author={Mitchell, R.J. and Institution of Electrical Engineers},
  isbn={9780863411717},
  lccn={gb90028944},
  series={IEE computing series},
  url={http://books.google.be/books?id=uXtHeZt8ZowC},
  year={1990},
  publisher={P. Peregrinus}
}
@misc{wiki:framework,
   author = "Wikipedia",
   title = "Framework --- Wikipedia{,} L'enciclopedia libera",
   year = "2014",
   url = "http://it.wikipedia.org/w/index.php?title=Framework&oldid=67469278",
   note = "[Online; in data 21-novembre-2014]"
}
@misc{wiki:xml,
   author = "Wikipedia",
   title = "XML --- Wikipedia{,} L'enciclopedia libera",
   year = "2014",
   url = "http://it.wikipedia.org/w/index.php?title=XML&oldid=68753281",
   note = "[Online; in data 21-novembre-2014]"
}
@misc{wiki:dom,
   author = "Wikipedia",
   title = "Document Object Model --- Wikipedia{,} L'enciclopedia libera",
   year = "2014",
   url = "http://it.wikipedia.org/w/index.php?title=Document_Object_Model&oldid=66233328",
   note = "[Online; in data 21-novembre-2014]"
}
@misc{wiki:html5,
   author = "Wikipedia",
   title = "HTML5 --- Wikipedia{,} L'enciclopedia libera",
   year = "2014",
   url = "http://it.wikipedia.org/w/index.php?title=HTML5&oldid=68952231",
   note = "[Online; in data 23-novembre-2014]"
}
@misc{wiki:blink,
   author = "Wikipedia",
   title = "Blink (layout engine) --- Wikipedia{,} The Free Encyclopedia",
   year = "2014",
   url = "http://en.wikipedia.org/w/index.php?title=Blink_(layout_engine)&oldid=630704373",
   note = "[Online; accessed 24-November-2014]"
}
@misc{wiki:sdk,
   author = "Wikipedia",
   title = "Software development kit --- Wikipedia{,} The Free Encyclopedia",
   year = "2014",
   url = "http://en.wikipedia.org/w/index.php?title=Software_development_kit&oldid=630262856",
   note = "[Online; accessed 26-November-2014]"
}
@misc{wiki:soc,
   author = "Wikipedia",
   title = "Separation of concerns --- Wikipedia{,} The Free Encyclopedia",
   year = "2014",
   url = "http://en.wikipedia.org/w/index.php?title=Separation_of_concerns&oldid=627731535",
   note = "[Online; accessed 30-November-2014]"
}
@misc{wiki:cliserv,
   author = "Wikipedia",
   title = "Clientâ€“server model --- Wikipedia{,} The Free Encyclopedia",
   year = "2014",
   url = "http://en.wikipedia.org/w/index.php?title=Client%E2%80%93server_model&oldid=628622834",
   note = "[Online; accessed 30-November-2014]"
}
@misc{wiki:design_pattern,
   author = "Wikipedia",
   title = "Design pattern --- Wikipedia{,} L'enciclopedia libera",
   year = "2014",
   url = "http://it.wikipedia.org/w/index.php?title=Design_pattern&oldid=68132953",
   note = "[Online; in data 6-gennaio-2015]"
}
@misc{wiki:mustache,
   author = "Wikipedia",
   title = "Mustache (template system) --- Wikipedia{,} The Free Encyclopedia",
   year = "2014",
   url = "http://en.wikipedia.org/w/index.php?title=Mustache_(template_system)&oldid=640214169",
   note = "[Online; accessed 6-January-2015]"
}
@misc{wiki:mvc,
   author = "Wikipedia",
   title = "Model-View-Controller --- Wikipedia{,} L'enciclopedia libera",
   year = "2014",
   url = "http://it.wikipedia.org/w/index.php?title=Model-View-Controller&oldid=69808152",
   note = "[Online; in data 6-gennaio-2015]"
}

@misc{wiki:api,
   author = "Wikipedia",
   title = "Application programming interface --- Wikipedia{,} The Free Encyclopedia",
   year = "2015",
   url = "http://en.wikipedia.org/w/index.php?title=Application_programming_interface&oldid=640772216",
   note = "[Online; accessed 7-January-2015]"
}
@misc{wiki:preprocessor,
   author = "Wikipedia",
   title = "Preprocessore --- Wikipedia{,} L'enciclopedia libera",
   year = "2014",
   url = "\url{//it.wikipedia.org/w/index.php?title=Preprocessore&oldid=67684369"},
   note = "[Online; in data 9-gennaio-2015]"
}
@misc{wiki:SSOT,
   author = "Wikipedia",
   title = "Single Source of Truth --- Wikipedia{,} The Free Encyclopedia",
   year = "2014",
   url = "\url{//en.wikipedia.org/w/index.php?title=Single_Source_of_Truth&oldid=631806243}",
   note = "[Online; accessed 10-January-2015]"
}
@misc{wiki:WebTemplateSystem,
   author = "Wikipedia",
   title = "Web template system --- Wikipedia{,} The Free Encyclopedia",
   year = "2014",
   url = "\url{//en.wikipedia.org/w/index.php?title=Web_template_system&oldid=637747668}",
   note = "[Online; accessed 10-January-2015]"
}
@misc{wiki:solid,
   author = "Wikipedia",
   title = "SOLID --- Wikipedia{,} L'enciclopedia libera",
   year = "2014",
   url = "\url{//it.wikipedia.org/w/index.php?title=SOLID&oldid=68902498}",
   note = "[Online; in data 4-febbraio-2015]"
}